
@inproceedings{DBLP:conf/ecoop/TemperoYN13,
  author    = {Ewan D. Tempero and
               Hong Yul Yang and
               James Noble},
  title     = {What Programmers Do with Inheritance in Java},
  booktitle = {ECOOP},
  year      = {2013},
  pages     = {577-601},
  ee        = {http://dx.doi.org/10.1007/978-3-642-39038-8_24},
  crossref  = {DBLP:conf/ecoop/2013},
  bibsource = {DBLP, http://dblp.uni-trier.de},
  doi 		= {10.1007/978-3-642-39038-8_24} 
}

@proceedings{DBLP:conf/ecoop/2013,
  editor    = {Giuseppe Castagna},
  title     = {ECOOP 2013 - Object-Oriented Programming - 27th European
               Conference, Montpellier, France, July 1-5, 2013. Proceedings},
  booktitle = {ECOOP},
  publisher = {Springer},
  series    = {Lecture Notes in Computer Science},
  volume    = {7920},
  year      = {2013},
  isbn      = {978-3-642-39037-1},
  ee        = {http://dx.doi.org/10.1007/978-3-642-39038-8},
  bibsource = {DBLP, http://dblp.uni-trier.de}
}


@inproceedings{JohnsonBBCGW93,
  author    = {Ralph E. Johnson and
               Kent Beck and
               Grady Booch and
               William R. Cook and
               Richard P. Gabriel and
               Rebecca Wirfs-Brock},
  title     = "{How to Get a Paper Accepted at OOPSLA}",
  booktitle = {Proceedings of the Eighth Annual Conference on Object-Oriented Programming Systems, Languages
               and Applications},
  series    = "OOPSLA",
  year      = {1993},
  pages     = {429--436},
  editor    = {Timlynn Babitsky and
               Jim Salmons},
  publisher = {ACM},
  isbn      = {0-89791-587-9},
}

@inproceedings{QualitasCorpus:APSEC:2010,
  author = {Tempero, Ewan and Anslow, Craig and Dietrich, Jens and Han, Ted and Li, Jing and Lumpe, Markus and Melton, Hayden and Noble, James},
  title = {Qualitas Corpus: A Curated Collection of Java Code for Empirical Studies},
  booktitle = {2010 Asia Pacific Software Engineering Conference (APSEC2010)},
  pages = {336--345},
  month = dec,
  year = {2010},
  doi = {10.1109/APSEC.2010.46}
}

@misc{QualitasCorpusWeb,
 author       = "Tempero, Ewan and Anslow, Craig and Dietrich, Jens and Han, Ted and Li, Jing and Lumpe, Markus and Melton, Hayden and Noble, James",
 title        = "{Qualitas Corpus Homepage}",
 howpublished = "Curated Collection of Software Systems",
 url          = "http://www.qualitascorpus.com/",
 year         = "2008"
}

@misc{InheritanceUseWeb,
 author       = "Ewan D. Tempero and Hong Yul Yang and James Noble",
 title        = "{Inheritance Use Data}",
 howpublished = "Inheritance Use Data",
 url          = "https://www.cs.auckland.ac.nz/~ewan/qualitas/studies/inheritance/",
 year         = "2008"
}


@article{qualitas.class,
  author    = {Ricardo Terra and Luis Fernando Miranda and Marco Tulio Valente and Roberto S. Bigonha},
  title     = {{Q}ualitas.class {C}orpus: A Compiled Version of the {Q}ualitas {C}orpusxxx},
  journal   = {Software Engineering Notes},
  volume    = {38},
  number    = {5}, 
  year      = {2013},
  pages     = {1-4},
  doi = {10.1145/2507288.2507314}
}


@misc{qualitas.classCorpusWeb,
 author       = "Ricardo Terra and Luis Fernando Miranda and Marco Tulio Valente and Roberto S. Bigonha",
 title        = "{Qualitas.class Corpus}",
 howpublished = "Qualitas.class Corpus (A Compiled Version of Qualitas Corpus)",
 url          = "http://java.labsoft.dcc.ufmg.br/qualitas.class/index.html",
 year         = "2013"
}




@inproceedings{MeyerovichR2013,
  author    = {Meyerovich, Leo A. and Rabkin, Ariel S.},
  title     = "{Empirical Analysis of Programming Language Adoption}",
  booktitle = {Proceedings of the 2013 ACM SIGPLAN International Conference on Object Oriented Programming Systems Languages and Applications},
  series    = {OOPSLA},
  year      = 2013,
  isbn      = {978-1-4503-2374-1},
  pages     = {1--18},
  doi       = {10.1145/2509136.2509515},
  publisher = {ACM},
} 

@inproceedings{Carver10,
  author    = "Jeffrey C. Carver",
  title     = "{Towards Reporting Guidelines for Experimental Replications: A Proposal}",
  booktitle = "{Proceedings of the International Workshop on Replication in Empirical Software Engineering Research}",
  series    = "RESER",
  year      = 2010,
  month     = "May",
}

@book{GruneJacobs,
  author    = "Dick Grune and C. J. H. Jacobs",
  title     = "{Parsing Techniques: A Practical Guide}",
  series    = "Monographs in Computer Science",
  edition   = 2,
  publisher = "Springer",
  url       = "http://www.cs.vu.nl/~dick/PT2Ed.html",
  year      = 2008,
}

@book{DragonBook,
  author    = {Alfred V. Aho and Ravi Sethi and Jeffrey D. Ullman},
  title     = "{Compilers: Principles, Techniques and Tools}",
  publisher = "Addison-Wesley",
  year      = 1985,
}

@article{GrammarwareAgenda,
  author      = "Paul Klint and Ralf L{\"a}mmel and Chris Verhoef",
  title       = "{Toward an Engineering Discipline for Grammarware}",
  journal     = "ACM Transactions on Software Engineering Methodology (TOSEM)",
  volume      = 14,
  number      = 3,
  year        = 2005,
  pages       = "331--380",
}

@inproceedings{Micropatterns2013,
	author = "Vadim Zaytsev",
	title = "{Micropatterns in Grammars}",
	booktitle = "{Proceedings of the Sixth International Conference on Software Language Engineering (SLE 2013)}",
	year = 2013,
	editor = "Martin Erwig and Richard F. Paige and Eric Van Wyk",
	volume = "8225",
	series = "LNCS",
	pages = "117--136",
	address = "Switzerland",
	month = oct,
	publisher = "Springer International Publishing",
	doi = "10.1007/978-3-319-02654-1_7",
}

@misc{ANTLR,
 author       = "Terence Parr",
 title        = "{ANTLR---ANother Tool for Language Recognition}",
 howpublished = "Toolkit website",
 url          = "http://antlr.org",
 year         = "2008"
}

@phdthesis{Rekers92,
 author   = "J. Rekers",
 title    = "{Parser Generation for Interactive Environments}",
 school   = "University of Amsterdam",
 year     = 1992,
 url      = "http://homepages.cwi.nl/~paulk/dissertations/Rekers.pdf",
}

@techreport{Wijngaarden65,
        author      = "Adriaan van Wijngaarden",
        title       = "{Orthogonal Design and Description of a Formal Language}",
        month       = oct,
        year        = 1965,
        institution = "SMC",
        type        = "{MR 76}",
        url         = "http://www.fh-jena.de/~kleine/history/languages/VanWijngaarden-MR76.pdf",
}